<?xml version="1.0" encoding="UTF-8"?><collection xmlns="http://www.loc.gov/MARC21/slim"><record><leader>00411nam--2200133-i-4500</leader><controlfield tag="001">000036862</controlfield><controlfield tag="002">20161230</controlfield><controlfield tag="005">20161230201041</controlfield><controlfield tag="008">060222s1000------------r-----000-0-eng-d</controlfield><datafield ind1=" " ind2=" " tag="080"><subfield code="a">541.13:015:546.3:543.253</subfield></datafield><datafield ind1=" " ind2=" " tag="100"><subfield code="a">Piro, Jean</subfield></datafield><datafield ind1=" " ind2=" " tag="245"><subfield code="a">Comportment electrocinetique des ions metalliques complexes: etude polarographique. these</subfield></datafield><datafield ind1=" " ind2=" " tag="260"><subfield code="a">Languedoc, Univ.Des Sciences Et Tech., 1971, 151p</subfield></datafield><datafield ind1=" " ind2=" " tag="852"><subfield code="a">38237</subfield></datafield></record></collection>